<record xmlns='http://www.loc.gov/MARC21/slim'><leader>04413ctmaa2200853 a 4500</leader><controlfield tag='001'>6207731</controlfield><controlfield tag='005'>20200927142858.0</controlfield><controlfield tag='008'>100813q16001699xx            000 0 ara d</controlfield><datafield ind1=' ' ind2=' ' tag='035'><subfield code='a'>6207731</subfield></datafield><datafield ind1=' ' ind2=' ' tag='040'><subfield code='a'>NjP</subfield><subfield code='c'>NjP</subfield><subfield code='e'>amremm</subfield></datafield><datafield ind1='0' ind2=' ' tag='041'><subfield code='a'>ara</subfield><subfield code='a'>per</subfield></datafield><datafield ind1='0' ind2='0' tag='245'><subfield code='a'>[Philosophical miscellany].</subfield></datafield><datafield ind1=' ' ind2=' ' tag='260'><subfield code='c'>[16--?]</subfield></datafield><datafield ind1=' ' ind2=' ' tag='300'><subfield code='a'>371 leaves :</subfield><subfield code='b'>paper ;</subfield><subfield code='c'>170 x 109 mm. bound to 171 x 110 mm.</subfield></datafield><datafield ind1=' ' ind2=' ' tag='500'><subfield code='a'>Ms. composite codex.</subfield></datafield><datafield ind1='0' ind2=' ' tag='505'><subfield code='a'>1. fol. 1b-9b: Sharḥ Risālat al-ʻilm.</subfield></datafield><datafield ind1='8' ind2=' ' tag='505'><subfield code='a'>2. fol. 9b-10a: Jawāb al-Shaykh al-Raʼīs raḥmat Allāh ʻalayhi.</subfield></datafield><datafield ind1='8' ind2=' ' tag='505'><subfield code='a'>3. fol. 10b-11b: Risālah fī baqāʼ al-nafs al-insānīyah baʻda bawār al-badan.</subfield></datafield><datafield ind1='8' ind2=' ' tag='505'><subfield code='a'>4. fol. 11b-13a: Risālat al-Zawrāʼ.</subfield></datafield><datafield ind1='8' ind2=' ' tag='505'><subfield code='a'>5. fol. 14b: Risālah fī ithbāt al-jawhar al-mufāraq.</subfield></datafield><datafield ind1='8' ind2=' ' tag='505'><subfield code='a'>6. fol. 16b-22b: Taʻlīqāt.</subfield></datafield><datafield ind1='8' ind2=' ' tag='505'><subfield code='a'>7. fol. 25b-75a: al-Fawz al-aṣghar.</subfield></datafield><datafield ind1='8' ind2=' ' tag='505'><subfield code='a'>8. fol. 76b-81a: [Treatise] / Abū Saʻīd ibn Abī al-Khayr.</subfield></datafield><datafield ind1='8' ind2=' ' tag='505'><subfield code='a'>9. fol. 81b-87b: al-Fayḍ al-ilāhī.</subfield></datafield><datafield ind1='8' ind2=' ' tag='505'><subfield code='a'>10. fol. 88b-92a: Risālah fī ʻadam al-khawf min al-mawt.</subfield></datafield><datafield ind1='8' ind2=' ' tag='505'><subfield code='a'>11. fol. 92b-99a: Risālah fī māhīyat al-ṣalāh.</subfield></datafield><datafield ind1='8' ind2=' ' tag='505'><subfield code='a'>12. fol. 99b-102a: Risālat al-ʻarūs.</subfield></datafield><datafield ind1='8' ind2=' ' tag='505'><subfield code='a'>13. fol. 102b-104b: Īḍāḥ al-barāhīn min masāʼil ʻawīṣah.</subfield></datafield><datafield ind1='8' ind2=' ' tag='505'><subfield code='a'>14. fol. 105b-108a: Risālah fī ithbāt al-mufāraqāt.</subfield></datafield><datafield ind1='8' ind2=' ' tag='505'><subfield code='a'>15. fol. 108b-128b: Maqālah fī al-jamʻ bayna raʼyay Aflāṭūn wa-Arisṭū.</subfield></datafield><datafield ind1='8' ind2=' ' tag='505'><subfield code='a'>16. fol. 129a-130a: [Extracts].</subfield></datafield><datafield ind1='8' ind2=' ' tag='505'><subfield code='a'>17. fol. 130b-143a: Masāʼil mutafarriqah.</subfield></datafield><datafield ind1='8' ind2=' ' tag='505'><subfield code='a'>18. fol. 143b-157a: al-Tanbīh ʻalá sabīl al-saʻādah.</subfield></datafield><datafield ind1='8' ind2=' ' tag='505'><subfield code='a'>19. fol. 159b-170a: Risālat al-ḥikmah al-ʻarshīyah.</subfield></datafield><datafield ind1='8' ind2=' ' tag='505'><subfield code='a'>20. fol. 170b-183a: Risālah fī al-ʻishq.</subfield></datafield><datafield ind1='8' ind2=' ' tag='505'><subfield code='a'>21. fol. 183b-196a: Risālah fī al-qaḍāʼ wa-al-qadar.</subfield></datafield><datafield ind1='8' ind2=' ' tag='505'><subfield code='a'>22. fol. 196b-216a: Miʻrājʹnāmah / Avicenna. In Persian.</subfield></datafield><datafield ind1='8' ind2=' ' tag='505'><subfield code='a'>23. fol. 216b-217a: al-Ḥawrāʼ ʻalá al-Zawrāʼ.</subfield></datafield><datafield ind1='8' ind2=' ' tag='505'><subfield code='a'>24. fol. 217b-303a: Sharḥ Risālat al-Zawrāʼ.</subfield></datafield><datafield ind1='8' ind2=' ' tag='505'><subfield code='a'>25. fol. 303b-333a: al-Risālah al-jadīdah fī ithbāt al-wājib.</subfield></datafield><datafield ind1='8' ind2=' ' tag='505'><subfield code='a'>26. fol. 333b-360b: [Unidentified Persian text].</subfield></datafield><datafield ind1='8' ind2=' ' tag='505'><subfield code='a'>27. fol. 361a-369a: Risālat al-maʻīyah.</subfield></datafield><datafield ind1='8' ind2=' ' tag='505'><subfield code='a'>28. fol. 370b-371b: Risālah fī ithbāt al-jawhar al-mufāraq.</subfield></datafield><datafield ind1=' ' ind2=' ' tag='530'><subfield code='a'>Also available in an electronic version.</subfield></datafield><datafield ind1=' ' ind2=' ' tag='546'><subfield code='a'>Arabic and Persian.</subfield></datafield><datafield ind1='0' ind2='0' tag='600'><subfield code='a'>Muḥammad,</subfield><subfield code='c'>Prophet,</subfield><subfield code='d'>-632</subfield><subfield code='x'>Isrāʼ and Miʻrāj</subfield><subfield code='v'>Early works to 1800.</subfield></datafield><datafield ind1=' ' ind2='7' tag='655'><subfield code='a'>Manuscripts, Arabic</subfield><subfield code='y'>17th century.</subfield><subfield code='2'>lcsh</subfield></datafield><datafield ind1=' ' ind2='7' tag='655'><subfield code='a'>Manuscripts, Persian</subfield><subfield code='y'>17th century.</subfield><subfield code='2'>lcsh</subfield></datafield><datafield ind1='0' ind2='2' tag='700'><subfield code='a'>Abū Saʻīd ibn Abī al-Khayr,</subfield><subfield code='d'>967-1049.</subfield><subfield code='0'>http://id.loc.gov/authorities/names/n88155215</subfield></datafield><datafield ind1='0' ind2='2' tag='700'><subfield code='a'>Avicenna,</subfield><subfield code='d'>980-1037.</subfield><subfield code='t'>Miʻrājʹnāmah.</subfield><subfield code='0'>http://id.loc.gov/authorities/names/nr2003004927</subfield></datafield><datafield ind1='0' ind2='8' tag='774'><subfield code='t'>Sharḥ Risālat al-ʻilm.</subfield><subfield code='w'>6124073</subfield></datafield><datafield ind1='0' ind2='8' tag='774'><subfield code='t'>Risālah fī baqāʼ al-nafs al-insānīyah baʻda bawār al-badan.</subfield><subfield code='w'>6123738</subfield></datafield><datafield ind1='0' ind2='8' tag='774'><subfield code='t'>Risālat al-Zawrāʼ.</subfield><subfield code='w'>6123683</subfield></datafield><datafield ind1='0' ind2='8' tag='774'><subfield code='t'>Risālah fī ithbāt al-jawhar al-mufāraq.</subfield><subfield code='w'>6123782</subfield></datafield><datafield ind1='0' ind2='8' tag='774'><subfield code='t'>Taʻlīqāt.</subfield><subfield code='w'>6124261</subfield></datafield><datafield ind1='0' ind2='8' tag='774'><subfield code='t'>Fawz al-aṣghar.</subfield><subfield code='w'>6122611</subfield></datafield><datafield ind1='0' ind2='8' tag='774'><subfield code='t'>Fayḍ al-ilāhī.</subfield><subfield code='w'>6122613</subfield></datafield><datafield ind1='0' ind2='8' tag='774'><subfield code='t'>Risālah fī ʻadam al-khawf min al-mawt.</subfield><subfield code='w'>6123716</subfield></datafield><datafield ind1='0' ind2='8' tag='774'><subfield code='t'>Risālah fī māhīyat al-ṣalāh.</subfield><subfield code='w'>6123804</subfield></datafield><datafield ind1='0' ind2='8' tag='774'><subfield code='t'>Risālat al-ʻarūs.</subfield><subfield code='w'>6123586</subfield></datafield><datafield ind1='0' ind2='8' tag='774'><subfield code='t'>Īḍāḥ al-barāhīn min masāʼil ʻawīṣah.</subfield><subfield code='w'>6122744</subfield></datafield><datafield ind1='0' ind2='8' tag='774'><subfield code='t'>Risālah fī ithbāt al-mufāraqāt.</subfield><subfield code='w'>6123785</subfield></datafield><datafield ind1='0' ind2='8' tag='774'><subfield code='t'>Maqālah fī al-jamʻ bayna raʼyay Aflāṭūn wa-Arisṭū.</subfield><subfield code='w'>6123213</subfield></datafield><datafield ind1='0' ind2='8' tag='774'><subfield code='t'>Masāʼil mutafarriqah.</subfield><subfield code='w'>6123231</subfield></datafield><datafield ind1='0' ind2='8' tag='774'><subfield code='t'>Tanbīh ʻalá sabīl al-saʻādah.</subfield><subfield code='w'>6124295</subfield></datafield><datafield ind1='0' ind2='8' tag='774'><subfield code='t'>Risālat al-ḥikmah al-ʻarshīyah.</subfield><subfield code='w'>6123600</subfield></datafield><datafield ind1='0' ind2='8' tag='774'><subfield code='t'>Risālah fī al-ʻishq.</subfield><subfield code='w'>6123925</subfield></datafield><datafield ind1='0' ind2='8' tag='774'><subfield code='t'>Risālah fī al-qaḍāʼ wa-al-qadar.</subfield><subfield code='w'>6123948</subfield></datafield><datafield ind1='0' ind2='8' tag='774'><subfield code='t'>Ḥawrāʼ ʻalá al-Zawrāʼ.</subfield><subfield code='w'>6123685</subfield></datafield><datafield ind1='0' ind2='8' tag='774'><subfield code='t'>Sharḥ Risālat al-Zawrāʼ.</subfield><subfield code='w'>6123687</subfield></datafield><datafield ind1='0' ind2='8' tag='774'><subfield code='t'>Risālah al-jadīdah fī ithbāt al-wājib.</subfield><subfield code='w'>6123612</subfield></datafield><datafield ind1='0' ind2='8' tag='774'><subfield code='t'>Risālat al-maʻīyah.</subfield><subfield code='w'>6123623</subfield></datafield><datafield ind1='4' ind2='1' tag='856'><subfield code='u'>http://arks.princeton.edu/ark:/88435/d504rp65w</subfield></datafield><datafield ind1=' ' ind2=' ' tag='902'><subfield code='a'>des</subfield><subfield code='b'>o</subfield><subfield code='6'>t</subfield><subfield code='7'>m</subfield><subfield code='d'>a</subfield><subfield code='f'>0</subfield><subfield code='e'>20100813</subfield></datafield><datafield ind1='8' ind2='0' tag='852'><subfield code='0'>6222956</subfield><subfield code='b'>hsvm</subfield><subfield code='h'>Islamic Manuscripts, New Series no. 2004</subfield></datafield><datafield ind1='8' ind2=' ' tag='852'><subfield code='0'>10443310</subfield><subfield code='b'>elf1</subfield><subfield code='h'>Electronic Resource</subfield></datafield><datafield ind1=' ' ind2=' ' tag='959'><subfield code='a'>2010-08-13 14:52:56 +0000</subfield></datafield></record>
